@article{jansen1999,
    author="Klaus Jansen",
    title="Complexity Results for the Optimum Cost Chromatic Partition Problem",
    year={1999}
}
@article{jansen1997,
    author={ Klaus Jansen and Petra Scheffler },
    title="Generalized coloring for tree-like graphs",
    year="1997"
}
@ARTICLE{Fellows07,
    author = {Michael Fellows and Fedor V. Fomin and Daniel Lokshtanov and Frances Rosamond and Saket Saurabh and Stefan Szeider and Carsten Thomassen},
    title = {On the Complexity of Some Colorful Problems Parameterized by Treewidth },
    year = {2007}
}
@ARTICLE{Kratochvil94precoloringextension,
    author = {J. Kratochvil},
    title = {Precoloring Extension With Fixed Color Bound},
    year = {1994}
}
