@article{jansen1999,
	author={Klaus Jansen},
	title={Complexity Results for the Optimum Cost Chromatic Partition Problem},
	year={1999}
}

@article{jansen1997,
	author={ Klaus Jansen and Petra Scheffler },
	title={Generalized coloring for tree-like graphs},
	year={1997}
}

@article{fellows07,
	author = {Michael Fellows and Fedor V. Fomin and Daniel Lokshtanov and Frances Rosamond and Saket Saurabh and Stefan Szeider and Carsten Thomassen},
	title = {On the Complexity of Some Colorful Problems Parameterized by Treewidth },
	year = {2007}
}

@article{kratochvil94,
	author = {J. Kratochvil},
	title = {Precoloring Extension With Fixed Color Bound},
	year = {1994}
}

@article{hujter93,
	author = {M.HUJTER and ZS.TUZA}	
}